%# -*- coding: utf-8-unix -*-

@article{huang2014revisiting,
  title={Revisiting key schedule’s diffusion in relation with round function’s diffusion},
  author={Huang, Jialin and Lai, Xuejia},
  journal={Designs, codes and cryptography},
  volume={73},
  number={1},
  pages={85--103},
  year={2014},
  publisher={Springer}
}

@inproceedings{lin2016automatic,
  title={Automatic search for key-bridging technique: applications to LBlock and TWINE},
  author={Lin, Li and Wu, Wenling and Zheng, Yafei},
  booktitle={International Conference on Fast Software Encryption},
  pages={247--267},
  year={2016},
  organization={Springer}
}

@inproceedings{dunkelman2010improved,
  title={Improved single-key attacks on 8-round AES-192 and AES-256},
  author={Dunkelman, Orr and Keller, Nathan and Shamir, Adi},
  booktitle={International Conference on the Theory and Application of Cryptology and Information Security},
  pages={158--176},
  year={2010},
  organization={Springer}
}

@article{diffie1977special,
  title={Special feature exhaustive cryptanalysis of the NBS data encryption standard},
  author={Diffie, Whitfield and Hellman, Martin E},
  journal={Computer},
  volume={10},
  number={6},
  pages={74--84},
  year={1977},
  publisher={IEEE}
}

@book{west2001introduction,
  title={Introduction to graph theory},
  author={West, Douglas Brent and others},
  volume={2},
  year={2001},
  publisher={Prentice hall Upper Saddle River}
}

@article{hall1935representatives,
  title={On representatives of subsets},
  author={Hall, Philip},
  journal={J. London Math. Soc},
  volume={10},
  number={1},
  pages={26--30},
  year={1935}
}

@article{papadimitriou19986,
  title={6.1 The Max-Flow, Min-Cut Theorem},
  author={Papadimitriou, Christos H and Steiglitz, Kenneth},
  journal={Combinatorial optimization: Algorithms and complexity, Dover},
  pages={120--128},
  year={1998}
}

@article{biham1994new,
  title={New types of cryptanalytic attacks using related keys},
  author={Biham, Eli},
  journal={Journal of Cryptology},
  volume={7},
  number={4},
  pages={229--246},
  year={1994},
  publisher={Springer}
}

@article{zhang2015rectangle,
  title={RECTANGLE: a bit-slice lightweight block cipher suitable for multiple platforms},
  author={Zhang, Wentao and Bao, Zhenzhen and Lin, Dongdai and Rijmen, Vincent and Yang, Bohan and Verbauwhede, Ingrid},
  journal={Science China Information Sciences},
  volume={58},
  number={12},
  pages={1--15},
  year={2015},
  publisher={Springer}
}

@article{ford1956maximal,
  title={Maximal flow through a network},
  author={Ford, Lester R and Fulkerson, Delbert R},
  journal={Canadian journal of Mathematics},
  volume={8},
  number={3},
  pages={399--404},
  year={1956}
}

@article{dinits1970algorithms,
  title={Algorithms for solution of a problem of maximum flow in a network with power estimation},
  author={Dinits, EA},
  journal={Soviet Math. Cokl.},
  volume={11},
  pages={1277--1280},
  year={1970}
}

@inproceedings{wang2014improved,
  title={Improved multidimensional zero-correlation linear cryptanalysis and applications to LBlock and TWINE},
  author={Wang, Yanfeng and Wu, Wenling},
  booktitle={Australasian Conference on Information Security and Privacy},
  pages={1--16},
  year={2014},
  organization={Springer}
}

@inproceedings{bouillaguet2011automatic,
  title={Automatic search of attacks on round-reduced AES and applications},
  author={Bouillaguet, Charles and Derbez, Patrick and Fouque, Pierre-Alain},
  booktitle={Annual Cryptology Conference},
  pages={169--187},
  year={2011},
  organization={Springer}
}

@incollection{Huang_2014,
	doi = {10.1007/978-3-319-13039-2_8},
	year = 2014,
	publisher = {Springer International Publishing},
	pages = {124--142},
	author = {Jialin Huang and Serge Vaudenay and Xuejia Lai},
	title = {On the Key Schedule of Lightweight Block Ciphers},
	booktitle = {Progress in Cryptology -- {INDOCRYPT} 2014}
}

@incollection{Bogdanov,
	doi = {10.1007/978-3-540-74735-2_31},
	publisher = {Springer Berlin Heidelberg},
	pages = {450--466},
	author = {A. Bogdanov and L. R. Knudsen and G. Leander and C. Paar and A. Poschmann and M. J. B. Robshaw and Y. Seurin and C. Vikkelsoe},
	title = {{PRESENT}: An Ultra-Lightweight Block Cipher},
	booktitle = {Cryptographic Hardware and Embedded Systems - {CHES} 2007}
}

@incollection{Suzaki_2013,
	doi = {10.1007/978-3-642-35999-6_22},
	year = 2013,
	publisher = {Springer Berlin Heidelberg},
	pages = {339--354},
	author = {Tomoyasu Suzaki and Kazuhiko Minematsu and Sumio Morioka and Eita Kobayashi},
	title = {{TWINE}: A Lightweight Block Cipher for Multiple Platforms},
	booktitle = {Selected Areas in Cryptography}
}

@incollection{Wu_2011,
	doi = {10.1007/978-3-642-21554-4_19},
	year = 2011,
	publisher = {Springer Berlin Heidelberg},
	pages = {327--344},
	author = {Wenling Wu and Lei Zhang},
	title = {{LBlock}: A Lightweight Block Cipher},
	booktitle = {Applied Cryptography and Network Security}
}

@misc{beaulieusimon,
  title={The SIMON and SPECK Families of Lightweight Block Ciphers. Cryptology ePrint Archive, Report 2013/404, 2013},
  author={Beaulieu, R and Shors, D and Smith, J and Treatman-Clark, S and Weeks, B and Wingers, L}
}

@Inbook{Guo2011,
author="Guo, Jian
and Peyrin, Thomas
and Poschmann, Axel
and Robshaw, Matt",
editor="Preneel, Bart
and Takagi, Tsuyoshi",
title="The LED Block Cipher",
bookTitle="Cryptographic Hardware and Embedded Systems -- CHES 2011: 13th International Workshop, Nara, Japan, September 28 -- October 1, 2011. Proceedings",
year="2011",
publisher="Springer Berlin Heidelberg",
address="Berlin, Heidelberg",
pages="326--341",
isbn="978-3-642-23951-9",
doi="10.1007/978-3-642-23951-9_22"
}

@Inbook{Biryukov2009,
author="Biryukov, Alex
and Khovratovich, Dmitry
and Nikoli{\'{c}}, Ivica",
editor="Halevi, Shai",
title="Distinguisher and Related-Key Attack on the Full AES-256",
bookTitle="Advances in Cryptology - CRYPTO 2009: 29th Annual International Cryptology Conference, Santa Barbara, CA, USA, August 16-20, 2009. Proceedings",
year="2009",
publisher="Springer Berlin Heidelberg",
address="Berlin, Heidelberg",
pages="231--249",
isbn="978-3-642-03356-8",
doi="10.1007/978-3-642-03356-8_14"
}

@Inbook{Ko2004,
author="Ko, Youngdai
and Hong, Seokhie
and Lee, Wonil
and Lee, Sangjin
and Kang, Ju-Sung",
editor="Roy, Bimal
and Meier, Willi",
title="Related Key Differential Attacks on 27 Rounds of XTEA and Full-Round GOST",
bookTitle="Fast Software Encryption: 11th International Workshop, FSE 2004, Delhi, India, February 5-7, 2004. Revised Papers",
year="2004",
publisher="Springer Berlin Heidelberg",
address="Berlin, Heidelberg",
pages="299--316",
isbn="978-3-540-25937-4",
doi="10.1007/978-3-540-25937-4_19"
}

@Inbook{Biryukov2015,
author="Biryukov, Alex
and Derbez, Patrick
and Perrin, L{\'e}o",
editor="Leander, Gregor",
title="Differential Analysis and Meet-in-the-Middle Attack Against Round-Reduced TWINE",
bookTitle="Fast Software Encryption: 22nd International Workshop, FSE 2015, Istanbul, Turkey, March 8-11, 2015, Revised Selected Papers",
year="2015",
publisher="Springer Berlin Heidelberg",
address="Berlin, Heidelberg",
pages="3--27",
isbn="978-3-662-48116-5",
doi="10.1007/978-3-662-48116-5_1"
}

@Inbook{Bogdanov2011,
author="Bogdanov, Andrey
and Rechberger, Christian",
editor="Biryukov, Alex
and Gong, Guang
and Stinson, Douglas R.",
title="A 3-Subset Meet-in-the-Middle Attack: Cryptanalysis of the Lightweight Block Cipher KTANTAN",
bookTitle="Selected Areas in Cryptography: 17th International Workshop, SAC 2010, Waterloo, Ontario, Canada, August 12-13, 2010, Revised Selected Papers",
year="2011",
publisher="Springer Berlin Heidelberg",
address="Berlin, Heidelberg",
pages="229--240",
isbn="978-3-642-19574-7",
doi="10.1007/978-3-642-19574-7_16"
}

@article{Handschuh2002,
  author={Handschuh H and Naccache D},
  title={{SHACAL}: a family of block ciphers},
  journal={Submission to the NESSIE project},
  year={2002}
}

@Inbook{Needham1997,
author="Needham R.M.,
and Wheeler D.J.",
title="Tea Extensions, Technical Report",
publisher="Computer Laboratory, University of Cambridge",
year="1997"
}

@article{shannon1949communication,
  title={Communication theory of secrecy systems},
  author={Shannon, Claude E},
  journal={Bell Labs Technical Journal},
  volume={28},
  number={4},
  pages={656--715},
  year={1949},
  publisher={Wiley Online Library}
}

@article{standard1977federal,
  title={Federal information processing standards publication 46},
  author={Standard, Data Encryption and others},
  journal={National Bureau of Standards, US Department of Commerce},
  year={1977}
}

@article{biham1991differential,
  title={Differential cryptanalysis of DES-like cryptosystems},
  author={Biham, Eli and Shamir, Adi},
  journal={Journal of CRYPTOLOGY},
  volume={4},
  number={1},
  pages={3--72},
  year={1991},
  publisher={Springer}
}

@incollection{lai1994higher,
  title={Higher order derivatives and differential cryptanalysis},
  author={Lai, Xuejia},
  booktitle={Communications and Cryptography},
  pages={227--233},
  year={1994},
  publisher={Springer}
}

@inproceedings{matsui1993linear,
  title={Linear cryptanalysis method for DES cipher},
  author={Matsui, Mitsuru},
  booktitle={Workshop on the Theory and Application of of Cryptographic Techniques},
  pages={386--397},
  year={1993},
  organization={Springer}
}

@inproceedings{daemen1997block,
  title={The block cipher Square},
  author={Daemen, Joan and Knudsen, Lars and Rijmen, Vincent},
  booktitle={International Workshop on Fast Software Encryption},
  pages={149--165},
  year={1997},
  organization={Springer}
}

@inproceedings{knudsen2002integral,
  title={Integral cryptanalysis},
  author={Knudsen, Lars and Wagner, David},
  booktitle={International Workshop on Fast Software Encryption},
  pages={112--127},
  year={2002},
  organization={Springer}
}

@inproceedings{courtois2002cryptanalysis,
  title={Cryptanalysis of block ciphers with overdefined systems of equations},
  author={Courtois, Nicolas T and Pieprzyk, Josef},
  booktitle={International Conference on the Theory and Application of Cryptology and Information Security},
  pages={267--287},
  year={2002},
  organization={Springer}
}

@article{biham1994new,
  title={New types of cryptanalytic attacks using related keys},
  author={Biham, Eli},
  journal={Journal of Cryptology},
  volume={7},
  number={4},
  pages={229--246},
  year={1994},
  publisher={Springer}
}

@inproceedings{biryukov1999slide,
  title={Slide attacks},
  author={Biryukov, Alex and Wagner, David},
  booktitle={International Workshop on Fast Software Encryption},
  pages={245--259},
  year={1999},
  organization={Springer}
}

@book{daemen2013design,
  title={The design of Rijndael: AES-the advanced encryption standard},
  author={Daemen, Joan and Rijmen, Vincent},
  year={2013},
  publisher={Springer Science \& Business Media}
}

@inproceedings{banik2014midori,
  title={Midori: a block cipher for low energy},
  author={Banik, Subhadeep and Bogdanov, Andrey and Isobe, Takanori and Shibutani, Kyoji and Hiwatari, Harunaga and Akishita, Toru and Regazzoni, Francesco},
  booktitle={International Conference on the Theory and Application of Cryptology and Information Security},
  pages={411--436},
  year={2014},
  organization={Springer}
}

